@book{GIT,
	title =     {Geometric invariant theory},
	author =    {David Mumford and John Fogarty and Frances Kirwan},
	publisher = {Springer},
	year =      {1994},
}
@book{LecturesonModuliofCurves,
	title={Lectures on moduli of curves},
	author={David Gieseker},
	series =    {Tata Institute Lectures on Mathematics and Physics},
	year={1982},
	publisher={Springer}
}
@book{ModuliofCurves,
	title =     {Moduli of Curves},
	author =    {Joe Harris and Ian Morrison},
	publisher = {Springer},
	year =      {1998},
}
@article{StabilityofProjectiveVarieties,
author = {Mumford, David},
year = {1977},
month = {01},
pages = {39-110},
title = {Stability of Projective Varieties},
volume = {23},
journal = {L’Enseignement Mathématique. IIe Série},
}

@article{NotesModuliSpaceofCurves,
	author = {Dan Edidin},
	year = {1997},
	month = {05},
	title = {Notes on the Construction of the Moduli Space of Curves},
	doi = {10.1007/978-1-4612-1316-1_3}
}

@article{DM69,
	title={The Irreducibility of the Space of Curves of Given Genus},
	author={Pierre Deligne and David Mumford },
	journal={Publications Mathématiques de l'IHÉS},
	volume={36},
	number={1},
	pages={75--109},
	year={1969}
}

@book{EtaleCohomologyTheory,
	title =     {Etale Cohomology Theory},
	author =    {Lei Fu},
	publisher = {World Scientific Publishing Company},
	isbn =      {9814307726,9789814307727},
	year =      {2011},
	series =    {Nankai Tracts in Mathematics 13},
}

@book{MethodsofHA,
	title =     {Methods of Homological Algebra},
	author =    {Siegel Gelfand and Yuri Manin},
	publisher = {Springer},
	isbn =      {9783540547464,3540547460},
	year =      {1996},
}


@book{GeometryAlgCurvesII,
	title={Geometry of algebraic curves: volume II with a contribution by Joseph Daniel Harris},
	author={Enrico Arbarello and Maurizio Cornalba and Phillip A.Griffiths},
	year={2011},
	publisher={Springer Science \& Business Media}
}

@book{GTM52,
	title={{Algebraic Geometry}},
	author={ Robin Hartshorne},
	year={1977},
	publisher={Springer}
}
@book{AG.Lei.Fu,
	title={{Algebraic Geometry}},
	author={Lei Fu },
	year={2006},
	publisher={Tsinghua University Press}
}

@book{Princeton,
author = {Timothy Gowwers},
title = {普林斯顿数学指南},
year = {2014},
editor = {Timothy Gowwers},
translator = {齐民友},
publisher = {科学出版社},
}

@book{deformation,
	author = {Robin Hartshorne},
	title = {Deformation theory},
	year = {2010},
	publisher = {Springer},
}

@phdthesis{GITandModuliofPointedCurves,
	author = {David Swinarski},
	title = {{Geometric invariant Theory and Moduli space of Pointed Curves}},
	school = {Columbia University},
	year = {2008},
}
@article{GITandModuliofstablecurve,
	author = {Elizabeth Baldwin and David Swinarski},
	title = {A geometric invariant theory construction of moduli spaces of stable maps.},
	school = {University of Oxford},
	year = {2006},
}

@article{GITModuliStableCurveandMaps,
	author = { Ian Morrison},
	title = {{GIT Constructions of Moduli Spaces of Stable Curves and Maps}},
	journal = {arXiv e-prints},
	keywords = {Mathematics - Algebraic Geometry, 14L24, 14H10},
	year = 2008,
	month = oct,
	eid = {arXiv:0810.2340},
	archivePrefix = {arXiv},
	eprint = {0810.2340},
	primaryClass = {math.AG},
	adsurl = {https://ui.adsabs.harvard.edu/abs/2008arXiv0810.2340M},
	adsnote = {Provided by the SAO/NASA Astrophysics Data System}
}

@ARTICLE{stablebundle,
	author = {O.Mata-Guti{\'e}rrez and Frank Neumann },
	title = "{Geometry of moduli stacks of (k , l) -stable vector bundles over algebraic curves}",
	journal = {Journal of Geometry and Physics},
	keywords = {primary, 14H60, 14D23, secondary, 14D20, Mathematics - Algebraic Geometry, Primary 14H60, 14D23, Secondary 14D20},
	year = 2017,
	month = jan,
	volume = {111},
	pages = {54-70},
	doi = {10.1016/j.geomphys.2016.10.003},
	archivePrefix = {arXiv},
	eprint = {1602.05267},
	primaryClass = {math.AG},
	adsurl = {https://ui.adsabs.harvard.edu/abs/2017JGP...111...54M},
	adsnote = {Provided by the SAO/NASA Astrophysics Data System}
}

@article{GoodModuliSpace,
	title={Good moduli spaces for Artin stacks},
	author={Jarod Alper},
	journal={Annales- Institut Fourier},
	volume={63},
	number={6},
	year={2008},
}

@article{GlobalModuliofSurface,
	author = {David Gieseker},
	title = {Global moduli for surface of general type},
	journaltitle = {Inventiones Mathematicae},
	volume = {43},
	pages = {233-282},
	year = {1977},
}
